@book{BKPAL:2010,
  title={Polygon Mesh Processing},
  author={Botsch, M. and Kobbelt, L. and Pauly, M. and Alliez, P. and Lévy, B.},
  year={2010},
  isbn = {978-1-56881-426-1},
  publisher={A. K. Peters, 2010},
  address = {Natick, MA, USA}
}

@book{Harari:1969,
  title={Graph Theory},
  author={Harary, F.},
  year={1969},
  publisher={Addison-Wesley},
}

@book{G:2015,
  title={Curves an Surfaces in Geometric Modeling},
  author={Jean Gallier},
  year={2015}
}

@book{doCarmo:1976,
  title={Differential Geometry of Curves and Surfaces},
  author={do Carmo, M. P.},
  year={1976},
  publisher={Prentice Hall},
}

@book{B:2013,
  title={Modern Graph Theory},
  author={Bollobás, B.},
  year={2013},
  edition = {2nd},
  publisher={Springer-Verlag},
}

@book{E:1998,
  title={Partial Differential Equations},
  author={Evans, L.},
  year={1998},
  publisher={American Mathematical Society},
}

@article{BK:2003,
  title={Mesh Forging: Editing of 3D-Meshes Using Implicitly Defined Occluders.},
  author={Bendels, G. H. and Klein, R.},
  journal={Proceedings of Eurographics Symposium on Geometry Processing},
  pages={207--17},
  year={2003},
  publisher={Eurographics Association}
}


@article{L:2008,
  title={Green Coordinates.},
  author={Lipman, Y. and Levin, D. and Cohen-Or, D.},
  journal={ACM Transactions on Graphics (Proc. SIGGRAPH) 27:3},
  pages={1--10},
  year={2008},
  publisher={ACM}
}

@article{T:1987,
  title={Elastically Deformable Models.},
  author={Terzopoulos, D. and Platt, J. and Barr, A. and Fleischer K.},
  journal={Proc. of ACM SIGGRAPH},
  pages={205--14},
  year={1987},
  publisher={ACM}
}

@article{K:1998,
  title={Interactive Multi-Resolution Modeling on Arbitrary Meshes.},
  author={Kobbelt, L. and Campagna, S. and Vorsatz, J. and Seidel, H.},
  journal={Proc. of ACM SIGGRAPH},
  pages={105--14},
  year={1998},
  publisher={ACM}
}

@article{K:1999,
  title={Multiresolution Hierarchies on Unstructured Triangle Meshes.},
  author={Kobbelt, L. and Vorsatz, J. and Seidel, H.},
  journal={Computational Geometry: Theory and Applications 14:1–3},
  pages={5--24},
  year={1999}
}

@article{K:2005,
  title={Efficient Linear System Solvers for Mesh Processing.},
  author={Botsch, M. and Bommes, D. and Kobbelt, L. },
  journal={Lecture Notes in Computer Science (Proc. Mathematics of Surfaces) 3604},
  pages={62--83},
  year={2005}
}

@article{BK:2003b,
  title={Multiresolution Surface Representation Based on Displacement Volumes.},
  author={Botsch, M.  and Kobbelt, L.},
  journal={Computer Graphics Forum (Proc. Eurographics) 22:3},
  pages={483--91},
  year={2003}
}

@article{Y:2004,
  title={Mesh Editing with Poisson-Based Gradient Field Manipulation.},
  author={Yu, Y. and Zhou, K. and Xu, D. and Shi, X. and Bao, H. and Guo, B. and Shum, H.},
  journal={Transactions on Graphics (Proc. SIGGRAPH) 23:3 (2004)},
  pages={644--51},
  year={2004}
}

@article{L:2004,
  title={Differential Coordinates for Interactive Mesh Editing.},
  author={Lipman, Y. and Sorkine, O. and Cohen-Or, D. and Levin, D.  and Rössl, C. and Seidel, H},
  journal={Proc. of Shape Modeling International},
  pages={181--90},
  year={2004}
}

@article{S:2004,
  title={Laplacian Surface Editing.},
  author={Sorkine, O. and Cohen-Or, D. and Lipman, Y. and Alexa, M. and Rössl, C. and Seidel, H.},
  journal={Symposium on Geometry Processing},
  pages={179--88},
  year={2004}
}

@article{ZH:2005,
  title={Large Mesh Deformation Using the Volumetric Graph Laplacian.},
  author={Zhou, K. and Huang, J. and Snyder, J. and Liu, X. and Bao, H. and Guo, B. and Shum, Y.},
  journal={ACM Transactions on Graphics (Proc. SIGGRAPH) 24:3 (2005)},
  pages={496--503},
  year={2005}
}

@article{Z:2005,
  title={Harmonic Guidance for Surface Deformation.},
  author={Zayer, R. and Rössl, C. and Karni, Z. and Seidel, H.},
  journal={Computer Graphics Forum (Proc. Eurographics) 24:3 (2005)},
  pages={644--51},
  year={2005}
}

@article{B:2006,
  title={Deformation Transfer for Detail-Preserving Surface Editing.},
  author={Botsch, M. and Sumner, R. and Pauly, M. and Gross, M.},
  journal={Proceedings of Vision, Modeling, Visualization},
  pages={357--64},
  year={2006}
}

@article{WW:1992,
  title={Variational Surface Modeling.},
  author={Welch, W. and Witkin, A.},
  journal={Proc. of ACM SIGGRAPH},
  pages={157--66},
  year={1992},
  publisher={ACM}
}

@article{P:2003,
  title={Shape Modeling with Point-Sampled Geometry.},
  author={Pauly, M. and Keiser, R. and Kobbelt, L. and Gross, M.},
  journal={ACM Transactions on Graphics (Proc. SIGGRAPH) 22:3 (2003)},
  pages={641--50},
  year={2003},
  publisher={ACM}
}
